@inproceedings{afroz2014doppelganger,
  title={Doppelg{\"a}nger finder: Taking stylometry to the underground},
  author={Afroz, Sadia and Islam, Aylin Caliskan and Stolerman, Ariel and Greenstadt, Rachel and McCoy, Damon},
  booktitle={2014 IEEE Symposium on Security and Privacy},
  pages={212--226},
  year={2014},
  organization={IEEE}
}
@inproceedings{ramyaa2004using,
  title={Using machine learning techniques for stylometry},
  author={Ramyaa, Congzhou He and Rasheed, Khaled},
  booktitle={Proceedings of International Conference on Machine Learning},
  year={2004}
}
@inproceedings{caliskan2015anonymizing,
  title={De-anonymizing programmers via code stylometry},
  author={Caliskan-Islam, Aylin and Harang, Richard and Liu, Andrew and Narayanan, Arvind and Voss, Clare and Yamaguchi, Fabian and Greenstadt, Rachel},
  booktitle={24th $\{$USENIX$\}$ Security Symposium ($\{$USENIX$\}$ Security 15)},
  pages={255--270},
  year={2015}
}
@inproceedings{sarawgi2011gender,
  title={Gender attribution: tracing stylometric evidence beyond topic and genre},
  author={Sarawgi, Ruchita and Gajulapalli, Kailash and Choi, Yejin},
  booktitle={Proceedings of the Fifteenth Conference on Computational Natural Language Learning},
  pages={78--86},
  year={2011},
  organization={Association for Computational Linguistics}
}
@incollection{surendran2017stylometry,
  title={Stylometry detection using deep learning},
  author={Surendran, Kl and Harilal, OP and Hrudya, P and Poornachandran, Prabaharan and Suchetha, NK},
  booktitle={Computational Intelligence in Data Mining},
  pages={749--757},
  year={2017},
  publisher={Springer}
}
@article{Wolf2019HuggingFacesTS,
  title={HuggingFace's Transformers: State-of-the-art Natural Language Processing},
  author={Thomas Wolf and Lysandre Debut and Victor Sanh and Julien Chaumond and Clement Delangue and Anthony Moi and Pierric Cistac and Tim Rault and R'emi Louf and Morgan Funtowicz and Jamie Brew},
  journal={ArXiv},
  year={2019},
  volume={abs/1910.03771}
}
@article{ganesan2012opinion,
  title={Opinion-based entity ranking},
  author={Ganesan, Kavita and Zhai, ChengXiang},
  journal={Information retrieval},
  volume={15},
  number={2},
  pages={116--150},
  year={2012},
  publisher={Springer} 
}
@inproceedings{vaswani2017attention,
  title={Attention is all you need},
  author={Vaswani, Ashish and Shazeer, Noam and Parmar, Niki and Uszkoreit, Jakob and Jones, Llion and Gomez, Aidan N and Kaiser, {\L}ukasz and Polosukhin, Illia},
  booktitle={Advances in neural information processing systems},
  pages={5998--6008},
  year={2017}
}
@article{radford2019language,
  title={Language models are unsupervised multitask learners},
  author={Radford, Alec and Wu, Jeffrey and Child, Rewon and Luan, David and Amodei, Dario and Sutskever, Ilya},
  journal={OpenAI Blog},
  volume={1},
  number={8},
  year={2019}
}
@article{radford2018improving,
  title={Improving language understanding by generative pre-training},
  author={Radford, Alec and Narasimhan, Karthik and Salimans, Tim and Sutskever, Ilya},
  journal={URL https://s3-us-west-2. amazonaws. com/openai-assets/researchcovers/languageunsupervised/language understanding paper. pdf},
  year={2018}
}
@article{yang2019xlnet,
  title={XLNet: Generalized Autoregressive Pretraining for Language Understanding},
  author={Yang, Zhilin and Dai, Zihang and Yang, Yiming and Carbonell, Jaime and Salakhutdinov, Ruslan and Le, Quoc V},
  journal={arXiv preprint arXiv:1906.08237},
  year={2019}
}
@article{wang2018glue,
  title={Glue: A multi-task benchmark and analysis platform for natural language understanding},
  author={Wang, Alex and Singh, Amanpreet and Michael, Julian and Hill, Felix and Levy, Omer and Bowman, Samuel R},
  journal={arXiv preprint arXiv:1804.07461},
  year={2018}
}